
@inproceedings{ingram_ultrawideband_2004,
	title = {Ultrawideband indoor positioning systems and their use in emergencies},
	url = {http://ieeexplore.ieee.org/xpls/abs_all.jsp?arnumber=1309063},
	urldate = {2015-05-07},
	booktitle = {Position {Location} and {Navigation} {Symposium}, 2004. {PLANS} 2004},
	publisher = {IEEE},
	author = {Ingram, S. J. and Harmer, D. and Quinlan, M.},
	year = {2004},
	pages = {706--715},
	file = {UWB-IndoorPositioning-Systems.pdf:C\:\\Users\\marcus.utter\\ValtechDropbox\\Dropbox\\Exjobb\\3D-Localisation\\Report\\References\\UWB-IndoorPositioning-Systems.pdf:application/pdf}
}

@misc{_estimote_2015,
	title = {Estimote {Beacons} — real world context for your apps},
	url = {http://estimote.com/indoor/},
	urldate = {2015-04-13},
	month = may,
	year = {2015},
	annote = {Accessed 2nd August 2010.},
	file = {Estimote Beacons — real world context for your apps:C\:\\Users\\marcus.utter\\AppData\\Roaming\\Zotero\\Zotero\\Profiles\\4aig9qvw.default\\zotero\\storage\\QEXMVP8U\\indoor.html:text/html}
}

@inproceedings{hassan_indoor_2010,
	title = {An {Indoor} 3D {Location} {Tracking} {System} {Using} {RSSI}},
	isbn = {978-1-4244-9527-6},
	url = {http://ieeexplore.ieee.org/lpdocs/epic03/wrapper.htm?arnumber=5714569},
	doi = {10.1109/SITIS.2010.59},
	urldate = {2015-05-18},
	publisher = {IEEE},
	author = {Hassan, N S A and Hossain, S and Wahab, N H A and Ariffin, S H S and Fisal, N and Latiff, L A and Abbas, M and {Choong Khong Neng}},
	month = dec,
	year = {2010},
	pages = {323--328},
	file = {An-Indoor-3D-Location-Tracking-System-Using-RSSI.pdf:C\:\\Users\\marcus.utter\\ValtechDropbox\\Dropbox\\Exjobb\\3D-Localisation\\Report\\References\\An-Indoor-3D-Location-Tracking-System-Using-RSSI.pdf:application/pdf}
}

@article{luo_comparative_2011,
	title = {Comparative evaluation of {Received} {Signal}-{Strength} {Index} ({RSSI}) based indoor localization techniques for construction jobsites},
	volume = {25},
	issn = {14740346},
	url = {http://linkinghub.elsevier.com/retrieve/pii/S1474034610000984},
	doi = {10.1016/j.aei.2010.09.003},
	language = {en},
	number = {2},
	urldate = {2015-05-06},
	journal = {Advanced Engineering Informatics},
	author = {Luo, Xiaowei and O’Brien, William J. and Julien, Christine L.},
	month = apr,
	year = {2011},
	pages = {355--363},
	file = {Comparative-evaluation-of-Received-Signal-Strength-Index-(RSSI)-based-indoor-jobsites.pdf:C\:\\Users\\marcus.utter\\ValtechDropbox\\Dropbox\\Exjobb\\3D-Localisation\\Report\\References\\Comparative-evaluation-of-Received-Signal-Strength-Index-(RSSI)-based-indoor-jobsites.pdf:application/pdf}
}

@misc{_gps.gov:_2015,
	title = {{GPS}.gov: {GPS} {Accuracy}},
	url = {http://www.gps.gov/systems/gps/performance/accuracy/},
	urldate = {2015-05-07},
	month = may,
	year = {2015},
	note = {[cited 5th May 2015]},
	file = {GPS.gov\: GPS Accuracy:C\:\\Users\\marcus.utter\\AppData\\Roaming\\Zotero\\Zotero\\Profiles\\4aig9qvw.default\\zotero\\storage\\X7ZXRNSW\\accuracy.html:text/html}
}

@inproceedings{lee_3d-localization---mobile-beacon.pdf_2012,
	title = {3D-{Localization}-with-a-{Mobile}-{Beacon}.pdf},
	volume = {Sensors},
	isbn = {978-1-4577-1766-6},
	shorttitle = {3D {Localization} with a {Mobile} {Beacon}},
	url = {http://ieeexplore.ieee.org/xpl/articleDetails.jsp?tp=&arnumber=6411265},
	doi = {10.1109/ICSENS.2012.6411265},
	urldate = {2015-05-18},
	publisher = {IEEE},
	author = {Lee, Sangho and Kim, Kiseon},
	month = oct,
	year = {2012},
	pages = {1--4},
	file = {3D-Localization-with-a-Mobile-Beacon.pdf:C\:\\Users\\marcus.utter\\ValtechDropbox\\Dropbox\\Exjobb\\3D-Localisation\\Report\\References\\3D-Localization-with-a-Mobile-Beacon.pdf:application/pdf}
}

@article{kim_mobile_2010,
	title = {Mobile {Beacon}-{Based} 3D-{Localization} with {Multidimensional} {Scaling} in {Large} {Sensor} {Networks}},
	volume = {14},
	issn = {1089-7798},
	url = {http://ieeexplore.ieee.org/lpdocs/epic03/wrapper.htm?arnumber=5545618},
	doi = {10.1109/LCOMM.2010.07.100513},
	number = {7},
	urldate = {2015-05-07},
	journal = {IEEE Communications Letters},
	author = {Kim, Eunchan and Lee, Sangho and Kim, Chungsan and Kim, Kiseon},
	month = jul,
	year = {2010},
	pages = {647--649},
	file = {Mobile-Beacon-Based-3D-Localization.pdf:C\:\\Users\\marcus.utter\\ValtechDropbox\\Dropbox\\Exjobb\\3D-Localisation\\Report\\References\\Mobile-Beacon-Based-3D-Localization.pdf:application/pdf}
}